<?xml version="1.0" encoding="UTF-8"?><collection xmlns="http://www.loc.gov/MARC21/slim"><record><leader>00321nam--2200133-i-4500</leader><controlfield tag="001">000042778</controlfield><controlfield tag="002">20161230</controlfield><controlfield tag="005">20161230201043</controlfield><controlfield tag="008">060222s1000------------r-----000-0-eng-d</controlfield><datafield ind1=" " ind2=" " tag="080"><subfield code="a">538.4</subfield></datafield><datafield ind1=" " ind2=" " tag="100"><subfield code="a">Stefan,I</subfield></datafield><datafield ind1=" " ind2=" " tag="245"><subfield code="a">Introducere in magnetohidrodinamica</subfield></datafield><datafield ind1=" " ind2=" " tag="260"><subfield code="a">Bucuresti, Ed.Tehnica, 1969. 257 P</subfield></datafield><datafield ind1=" " ind2=" " tag="852"><subfield code="a">30697</subfield></datafield></record></collection>